<record><leader>00000cas a2200000 a 4500</leader><controlfield tag="001">30440462</controlfield><controlfield tag="007">hd bfu---baat</controlfield><controlfield tag="007">hd afu---bact</controlfield><controlfield tag="008">940514d18781930nbuwr nea     0    0eng c</controlfield><datafield ind1=" " ind2=" " tag="010"><subfield code="a">sn 94055203 </subfield></datafield><datafield ind1=" " ind2=" " tag="040"><subfield code="a">NVG</subfield><subfield code="b">eng</subfield><subfield code="c">NVG</subfield><subfield code="d">OCLCQ</subfield><subfield code="d">OCLCF</subfield><subfield code="d">OCLCO</subfield><subfield code="d">OCLCQ</subfield></datafield><datafield ind1=" " ind2=" " tag="042"><subfield code="a">pcc</subfield></datafield><datafield ind1=" " ind2=" " tag="043"><subfield code="a">n-us-nb</subfield></datafield><datafield ind1="0" ind2="0" tag="245"><subfield code="a">Webster County argus.</subfield></datafield><datafield ind1="1" ind2="7" tag="246"><subfield code="a">Red Cloud argus</subfield></datafield><datafield ind1=" " ind2=" " tag="260"><subfield code="a">Red Cloud, Webster County, Neb. :</subfield><subfield code="b">A.J. Kenney</subfield></datafield><datafield ind1=" " ind2=" " tag="300"><subfield code="a">53 volumes</subfield></datafield><datafield ind1=" " ind2=" " tag="310"><subfield code="a">Weekly</subfield></datafield><datafield ind1=" " ind2=" " tag="336"><subfield code="a">text</subfield><subfield code="b">txt</subfield><subfield code="2">rdacontent</subfield></datafield><datafield ind1=" " ind2=" " tag="337"><subfield code="a">microform</subfield><subfield code="b">h</subfield><subfield code="2">rdamedia</subfield></datafield><datafield ind1=" " ind2=" " tag="338"><subfield code="a">microfilm reel</subfield><subfield code="b">hd</subfield><subfield code="2">rdacarrier</subfield></datafield><datafield ind1="1" ind2=" " tag="362"><subfield code="a">Began in Aug. 1878.</subfield></datafield><datafield ind1="0" ind2=" " tag="362"><subfield code="a">-v. 53, no. 34 (Aug. 20, 1930).</subfield></datafield><datafield ind1=" " ind2=" " tag="588"><subfield code="a">Description based on: Vol. 3, no. 31 (Mar. 10, 1881).</subfield></datafield><datafield ind1=" " ind2=" " tag="533"><subfield code="a">Microfilm.</subfield><subfield code="m">1881-1930:[Gaps]</subfield><subfield code="b">Lincoln, Neb. :</subfield><subfield code="c">Nebraska State Historical Society,</subfield><subfield code="d">1969.</subfield><subfield code="e">28 microfilm reels ; 35 mm.</subfield></datafield><datafield ind1=" " ind2="0" tag="651"><subfield code="a">Red Cloud (Neb.)</subfield><subfield code="v">Newspapers.</subfield></datafield><datafield ind1=" " ind2="0" tag="651"><subfield code="a">Webster County (Neb.)</subfield><subfield code="v">Newspapers.</subfield></datafield><datafield ind1=" " ind2="7" tag="651"><subfield code="a">Nebraska</subfield><subfield code="z">Red Cloud.</subfield><subfield code="2">fast</subfield><subfield code="0">(OCoLC)fst01255495</subfield></datafield><datafield ind1=" " ind2="7" tag="651"><subfield code="a">Nebraska</subfield><subfield code="z">Webster County.</subfield><subfield code="2">fast</subfield><subfield code="0">(OCoLC)fst01212771</subfield></datafield><datafield ind1=" " ind2="7" tag="655"><subfield code="a">Newspapers.</subfield><subfield code="2">fast</subfield><subfield code="0">(OCoLC)fst01423814</subfield></datafield><datafield ind1=" " ind2=" " tag="752"><subfield code="a">United States</subfield><subfield code="b">Nebraska</subfield><subfield code="c">Webster</subfield><subfield code="d">Red Cloud.</subfield></datafield><datafield ind1="0" ind2=" " tag="775"><subfield code="t">Daily argus (Red Cloud, Neb.)</subfield><subfield code="w">(DLC)sn 94055204</subfield></datafield><datafield ind1="0" ind2="5" tag="780"><subfield code="t">Red Cloud chief</subfield><subfield code="w">(DLC)sn 94055200</subfield></datafield><datafield ind1="0" ind2="4" tag="785"><subfield code="t">Commercial advertiser (Red Cloud, Neb.)</subfield><subfield code="w">(DLC)sn 94055217</subfield></datafield><datafield ind1="1" ind2=" " tag="029"><subfield code="a">AU@</subfield><subfield code="b">000025889258</subfield></datafield></record>